<?xml version="1.0" encoding="UTF-8"?><collection xmlns="http://www.loc.gov/MARC21/slim"><record><leader>00388nam--2200157-i-4500</leader><controlfield tag="001">000040762</controlfield><controlfield tag="002">20161230</controlfield><controlfield tag="005">20170113231645</controlfield><controlfield tag="008">060222s1000------------r-----000-0-eng-d</controlfield><datafield ind1=" " ind2=" " tag="100"><subfield code="a">Schure, A</subfield></datafield><datafield ind1=" " ind2=" " tag="245"><subfield code="a">Video amplifiers</subfield></datafield><datafield ind1=" " ind2=" " tag="260"><subfield code="a">New York</subfield><subfield code="b">John F.Rider Publ.Inc</subfield><subfield code="c">1959</subfield></datafield><datafield ind1=" " ind2=" " tag="300"><subfield code="a">80 p</subfield></datafield><datafield ind1=" " ind2=" " tag="490"><subfield code="a">Electronic Technology Series</subfield></datafield><datafield ind1=" " ind2=" " tag="852"><subfield code="a">15973</subfield></datafield><datafield ind1=" " ind2=" " tag="CAT"><subfield code="a">SYS</subfield><subfield code="c">20170113</subfield><subfield code="h">231645</subfield></datafield></record></collection>